%%%%%%%%%%%%%%%%%%%%%%55    RICH publications   %%%%%%%%%%%%%%%%%%%%%

@article{Burkert:2020akg,
      author         = "Burkert, V. D. and others",
      title          = "{The CLAS12 Spectrometer at Jefferson Laboratory}",
      journal        = "Nucl. Instrum. Meth.",
      volume         = "A959",
      year           = "2020",
      pages          = "163419",
%      doi            = "10.1016/j.nima.2020.163419",
      SLACcitation   = "%%CITATION = NUIMA,A959,163419;%%"
}

@article{Contalbrigo:2020snw,
      author         = "Contalbrigo, M. and others",
      title          = "{Single photon detection with the multi-anode CLAS12 RICH
                        detector}",
      booktitle      = "{10th Workshop on Ring Imaging Cherenkov Detectors
                        (RICH2018) Moscow, Russia, July 29-August 4, 2018}",
      journal        = "Nucl. Instrum. Meth.",
      volume         = "A952",
      year           = "2020",
      pages          = "162123",
%      doi            = "10.1016/j.nima.2019.04.077",
      SLACcitation   = "%%CITATION = NUIMA,A952,162123;%%"
}
@article{Mirazita:2020kou,
      author         = "Mirazita, M. and others",
      title          = "{The large-area hybrid-optics CLAS12 RICH: Assembling,
                        commissioning and first data-taking}",
      booktitle      = "{10th Workshop on Ring Imaging Cherenkov Detectors
                        (RICH2018) Moscow, Russia, July 29-August 4, 2018}",
      journal        = "Nucl. Instrum. Meth.",
      volume         = "A952",
      year           = "2020",
      pages          = "161844",
      doi            = "10.1016/j.nima.2019.01.070",
      SLACcitation   = "%%CITATION = NUIMA,A952,161844;%%"
}
@article{Mirazita:2017vav,
      author         = "Mirazita, M. and others",
      title          = "{The large-area hybrid-optics RICH detector for the
                        CLAS12 spectrometer}",
      booktitle      = "{Proceedings, 9th International Workshop on Ring Imaging
                        Cherenkov Detectors (RICH 2016): Bled, Slovenia, September
                        5-9, 2016}",
      journal        = "Nucl. Instrum. Meth.",
      volume         = "A876",
      year           = "2017",
      pages          = "54-58",
%      doi            = "10.1016/j.nima.2017.01.020",
      SLACcitation   = "%%CITATION = NUIMA,A876,54;%%"
}
@article{Baltzell:2015fea,
      author         = "Anefalos Pereira, S. and others",
      title          = "{Test of the CLAS12 RICH large scale prototype in the
                        direct proximity focusing configuration}",
      journal        = "Eur. Phys. J.",
      volume         = "A52",
      year           = "2016",
      number         = "2",
      pages          = "23",
      doi            = "10.1140/epja/i2016-16023-4",
      eprint         = "1509.02818",
      archivePrefix  = "arXiv",
      primaryClass   = "physics.ins-det",
      SLACcitation   = "%%CITATION = ARXIV:1509.02818;%%"
}
@article{Contalbrigo:2014rqa,
      author         = "Contalbrigo, M. and others",
      title          = "{The large-area hybrid-optics CLAS12 RICH detector: Tests
                        of innovative components}",
      booktitle      = "{Proceedings, 8th International Workshop on Ring Imaging
                        Cherenkov Detectors (RICH 2013): Shonan, Kanagawa, Japan,
                        December 2-6, 2013}",
      journal        = "Nucl. Instrum. Meth.",
      volume         = "A766",
      year           = "2014",
      pages          = "22-27",
%      doi            = "10.1016/j.nima.2014.06.072",
      reportNumber   = "JLAB-PHY-14-1917",
      SLACcitation   = "%%CITATION = NUIMA,A766,22;%%"
}

@article{Contalbrigo:2020,
      author         = "Contalbrigo, M. and others",
      title          = "{The CLAS12 Ring Imagine Cherenkov Detector}",
      journal        = "Nucl. Instrum. Meth.",
      volume         = "A960",
      year           = "2020",
      pages          = "22-27",
      SLACcitation   = "%%CITATION = NUIMA,A766,22;%%"
}

@Article{H8500,
        title     = "Hamamatsu Multianode PMT H8500,",
        note      = {\url{https://www.hamamatsu.com/resources/pdf/etd/H8500_H10966_TPMH1327E.pdf}}
}
@Article{H12700,
        title     = "Hamamatsu Multianode PMT H12700,",
        note      = {\url{https://www.hamamatsu.com/resources/pdf/etd/H12700_H14220_TPMH1379E.pdf}}
}


@article{DEGTIARENKO20171,
title = "Precision analysis of the photomultiplier response to ultra low signals",
journal = "Nuclear Instruments and Methods in Physics Research Section A: Accelerators, Spectrometers, Detectors and Associated Equipment",
volume = "872",
pages = "1 - 15",
year = "2017",
author = "Pavel Degtiarenko",
keywords = "Photon detector, Photomultiplier, Photoelectron, Signal amplitude spectra, Photon detection efficiency"
}

